@preamble{ "\newcommand{\noopsort}[1]{} "
	# "\newcommand{\printfirst}[2]{#1} "
	# "\newcommand{\singleletter}[1]{#1} "
	# "\newcommand{\switchargs}[2]{#2#1} " }
	
% texture synthesis
@inproceedings{gatys2015texture,
  title={Texture synthesis using convolutional neural networks},
  author={Gatys, Leon and Ecker, Alexander S and Bethge, Matthias},
  booktitle={Advances in neural information processing systems},
  pages={262--270},
  year={2015}
}
@inproceedings{gatys2016image,
  title={Image style transfer using convolutional neural networks},
  author={Gatys, Leon A and Ecker, Alexander S and Bethge, Matthias},
  booktitle={Proceedings of the IEEE conference on computer vision and pattern recognition},
  pages={2414--2423},
  year={2016}
}
@inproceedings{ulyanov2016texture,
  title={Texture Networks: Feed-forward Synthesis of Textures and Stylized Images.},
  author={Ulyanov, Dmitry and Lebedev, Vadim and Vedaldi, Andrea and Lempitsky, Victor S},
  booktitle={ICML},
  volume={1},
  number={2},
  pages={4},
  year={2016}
}
@inproceedings{johnson2016perceptual,
  title={Perceptual losses for real-time style transfer and super-resolution},
  author={Johnson, Justin and Alahi, Alexandre and Fei-Fei, Li},
  booktitle={European conference on computer vision},
  pages={694--711},
  year={2016},
  organization={Springer}
}
@article{sendik2017deep,
  title={Deep correlations for texture synthesis},
  author={Sendik, Omry and Cohen-Or, Daniel},
  journal={ACM Transactions on Graphics (TOG)},
  volume={36},
  number={5},
  pages={161},
  year={2017},
  publisher={ACM}
}
@article{zhou2018non,
  title={Non-stationary texture synthesis by adversarial expansion},
  author={Zhou, Yang and Zhu, Zhen and Bai, Xiang and Lischinski, Dani and Cohen-Or, Daniel and Huang, Hui},
  journal={arXiv preprint arXiv:1805.04487},
  year={2018}
}

% SVBRDF from flat surface
@article{deschaintre2018single,
  title={Single-image svbrdf capture with a rendering-aware deep network},
  author={Deschaintre, Valentin and Aittala, Miika and Durand, Fredo and Drettakis, George and Bousseau, Adrien},
  journal={ACM Transactions on Graphics (TOG)},
  volume={37},
  number={4},
  pages={128},
  year={2018},
  publisher={ACM}
}
@article{aittala2016reflectance,
  title={Reflectance modeling by neural texture synthesis},
  author={Aittala, Miika and Aila, Timo and Lehtinen, Jaakko},
  journal = {ACM Transaction on Graphics (Proceeings of SIGGRAPH)},
  volume={35},
  number={4},
  pages={65},
  year={2016},
  publisher={ACM}
}
@article{aittala2015two,
  title={Two-shot SVBRDF capture for stationary materials.},
  author={Aittala, Miika and Weyrich, Tim and Lehtinen, Jaakko and others},
  year={2015},
  journal = {ACM Transaction on Graphics (Proceeings of SIGGRAPH)},
  volume = {34},
  number = {4},
  year = {2015},
  pages = {110:1--110:13},
  publisher = {ACM}
}
@article{aittala2013practical,
  title={Practical SVBRDF capture in the frequency domain.},
  author={Aittala, Miika and Weyrich, Tim and Lehtinen, Jaakko},
  journal = {ACM Transaction on Graphics (Proceeings of SIGGRAPH)},
  volume = {32},
  number = {4},
  year = {2013},
  pages = {110:1--110:12},
  publisher = {ACM}
}
% diffrt
@inproceedings{li2018differentiable,
  title={Differentiable monte carlo ray tracing through edge sampling},
  author={Li, Tzu-Mao and Aittala, Miika and Durand, Fr{\'e}do and Lehtinen, Jaakko},
  booktitle={SIGGRAPH Asia 2018 Technical Papers},
  pages={222},
  year={2018},
  organization={ACM}
}
@article{paszke2017automatic,
  title={Automatic differentiation in pytorch},
  author={Paszke, Adam and Gross, Sam and Chintala, Soumith and Chanan, Gregory and Yang, Edward and DeVito, Zachary and Lin, Zeming and Desmaison, Alban and Antiga, Luca and Lerer, Adam},
  year={2017}
}
% GANs
@inproceedings{goodfellow2014generative,
  title={Generative adversarial nets},
  author={Goodfellow, Ian and Pouget-Abadie, Jean and Mirza, Mehdi and Xu, Bing and Warde-Farley, David and Ozair, Sherjil and Courville, Aaron and Bengio, Yoshua},
  booktitle={Advances in neural information processing systems},
  pages={2672--2680},
  year={2014}
}
@inproceedings{mao2017least,
  title={Least squares generative adversarial networks},
  author={Mao, Xudong and Li, Qing and Xie, Haoran and Lau, Raymond YK and Wang, Zhen and Paul Smolley, Stephen},
  booktitle={Proceedings of the IEEE International Conference on Computer Vision},
  pages={2794--2802},
  year={2017}
}
@inproceedings{gulrajani2017improved,
  title={Improved training of wasserstein gans},
  author={Gulrajani, Ishaan and Ahmed, Faruk and Arjovsky, Martin and Dumoulin, Vincent and Courville, Aaron C},
  booktitle={Advances in Neural Information Processing Systems},
  pages={5767--5777},
  year={2017}
}
% network architectures
@inproceedings{he2016deep,
  title={Deep residual learning for image recognition},
  author={He, Kaiming and Zhang, Xiangyu and Ren, Shaoqing and Sun, Jian},
  booktitle={Proceedings of the IEEE conference on computer vision and pattern recognition},
  pages={770--778},
  year={2016}
}
@inproceedings{isola2017image,
  title={Image-to-image translation with conditional adversarial networks},
  author={Isola, Phillip and Zhu, Jun-Yan and Zhou, Tinghui and Efros, Alexei A},
  booktitle={Proceedings of the IEEE conference on computer vision and pattern recognition},
  pages={1125--1134},
  year={2017}
}
@inproceedings{zhu2017unpaired,
  title={Unpaired image-to-image translation using cycle-consistent adversarial networks},
  author={Zhu, Jun-Yan and Park, Taesung and Isola, Phillip and Efros, Alexei A},
  booktitle={Proceedings of the IEEE international conference on computer vision},
  pages={2223--2232},
  year={2017}
}
% mesh convolution
@techreport{masci2015shapenet,
  title={Shapenet: Convolutional neural networks on non-euclidean manifolds},
  author={Masci, Jonathan and Boscaini, Davide and Bronstein, Michael and Vandergheynst, Pierre},
  year={2015}
}
% mesh embedding
@inproceedings{sander2001texture,
  title={Texture mapping progressive meshes},
  author={Sander, Pedro V and Snyder, John and Gortler, Steven J and Hoppe, Hugues},
  booktitle={SIGGRAPH},
  pages={409--416},
  year={2001},
  organization={ACM}
}

%nish
@phdthesis{bhandari2018procedural,
  title={Procedural synthetic data for self-driving cars using 3D graphics},
  author={Bhandari, Nishchal},
  year={2018},
  school={Massachusetts Institute of Technology}
}

@inproceedings{dorsey1996patinas,
  author = {Dorsey, Julie and Hanrahan, Pat},
  title = {Modeling and Rendering of Metallic Patinas},
  booktitle = {SIGGRAPH},
  year = {1996},
  pages = {387--396},
  publisher = {ACM}
}

@article{musgrave1989eroded,
    author = {Musgrave, F. K. and Kolb, C. E. and Mace, R. S.},
    title = {The Synthesis and Rendering of Eroded Fractal Terrains},
    journal = {Computer Graphics (Proceedings of SIGGRAPH)},
    volume = {23},
    number = {3},
    year = {1989},
    pages = {41--50},
    publisher = {ACM}
}

@article{turk1991diffusion,
    author = {Turk, Greg},
    title = {Generating Textures on Arbitrary Surfaces Using Reaction-diffusion},
    journal = {Computer Graphics (Proceedings of SIGGRAPH)},
    volume = {25},
    number = {4},
    year = {1991},
    pages = {289--298},
    publisher = {ACM}
}

@inproceedings{dorsey1999weather,
    author = {Dorsey, Julie and Edelman, Alan and Jensen, Henrik Wann and Legakis, Justin and Pedersen, Hans K{\o}hling},
    title = {Modeling and Rendering of Weathered Stone},
    booktitle = SIGGRAPH93_01,
    year = {1999},
    pages = {225--234},
    publisher = {ACM},
}

@article{chen2005weathering,
    author = {Chen, Yanyun and Xia, Lin and Wong, Tien-Tsin and Tong, Xin and Bao, Hujun and Guo, Baining and Shum, Heung-Yeung},
    title = {Visual Simulation of Weathering by {$\Gamma$}-ton Tracing},
    journal = {ACM Transaction on Graphics (Proceedings of SIGGRAPH},
    volume = {24},
    number = {3},
    year = {2005},
    pages = {1127--1133},
    publisher = {ACM}
}

@article{bosch2011weathering,
    author = {Bosch, Carles and Laffont, Pierre-Yves and Rushmeier, Holly and Dorsey, Julie and Drettakis, George},
    title = {Image-guided Weathering: A New Approach Applied to Flow Phenomena},
    journal = {ACM Transaction on Graphics},
    volume = {30},
    number = {3},
    year = {2011},
    pages = {20:1--20:13},
    publisher = {ACM}
}

@inproceedings{jensen1999wet,
    author = {Jensen, Henrik Wann and Legakis, Justin and Dorsey, Julie},
    title = {Rendering of Wet Materials},
    booktitle = RT_EGWR,
    year = {1999},
    pages = {273--282},
    publisher = {Eurographics Association}
}

@inproceedings{wei2009sae,
    author = {Wei, Li-Yi and Lefebvre, Sylvain and Kwatra, Vivek and Turk, Greg},
    title = {State of the Art in Example-based Texture Synthesis},
    booktitle = {Eurographics State of the Art Report},
    year = {2009},
    publisher = {Eurographics Association}
}

@article{barron2015sir, 
    author = {Jonathan T Barron and Jitendra Malik},
    journal = {Transactions on Pattern Analysis and Machine Intelligence},
    title = {Shape, Illumination, and Reflectance from Shading}, 
    year = {2015}, 
    volume = {37}, 
    number = {8}, 
    pages = {1670-1687},
    publisher = {IEEE}
}
@inproceedings{genova2018unsupervised,
  title={Unsupervised training for 3d morphable model regression},
  author={Genova, Kyle and Cole, Forrester and Maschinot, Aaron and Sarna, Aaron and Vlasic, Daniel and Freeman, William T},
  booktitle={Proceedings of the IEEE Conference on Computer Vision and Pattern Recognition},
  pages={8377--8386},
  year={2018}
}
@inproceedings{nguyen2018rendernet,
  title={RenderNet: A deep convolutional network for differentiable rendering from 3D shapes},
  author={Nguyen-Phuoc, Thu H and Li, Chuan and Balaban, Stephen and Yang, Yongliang},
  booktitle={Advances in Neural Information Processing Systems},
  pages={7891--7901},
  year={2018}
}
@inproceedings{kulkarni2015deep,
  title={Deep convolutional inverse graphics network},
  author={Kulkarni, Tejas D and Whitney, William F and Kohli, Pushmeet and Tenenbaum, Josh},
  booktitle={Advances in neural information processing systems},
  pages={2539--2547},
  year={2015}
}
@article{liu2019soft,
  title={Soft Rasterizer: Differentiable Rendering for Unsupervised Single-View Mesh Reconstruction},
  author={Liu, Shichen and Chen, Weikai and Li, Tianye and Li, Hao},
  journal={arXiv preprint arXiv:1901.05567},
  year={2019}
}
@article{nguyen2019hologan,
  title={HoloGAN: Unsupervised learning of 3D representations from natural images},
  author={Nguyen-Phuoc, Thu and Li, Chuan and Theis, Lucas and Richardt, Christian and Yang, Yong-Liang},
  journal={arXiv preprint arXiv:1904.01326},
  year={2019}
}